@book{murphy,
  author = "Kevin P. Murphy",
  title = "Machine Learning - A Probabilistic Perspective",
  year = 2012
}